3167 5125
458 550 872 654 EDIIORIS
1004 576 1144 644 amm

177 715 284 817 'vuum
310 746 369 794 me
391 721 486 793 sensi.
520 704 851 809 ln'tonscribendia
874 718 1144 823 Adnotutioailm

188 828 251 928 aut
267 833 619 935 Animadverstonibus.
631 831 660 901 'sr
678 830 769 925 quid
785 830 943 901 occurrit
964 830 1003 899 i'n
1025 828 1147 903 uuilo-

183 966 227 1024 ιο
248 943 461 1027 obscurum,
484 960 546 1010 aut
570 940 615 1011 de
638 966 713 1033 quo
740 939 833 1032 quid
854 938 954 1009 facias
985 941 1082 1011 haud
1102 942 1147 1011 li-
1266 981 1268 990 ι

189 1070 317 1144 queat3
351 1075 427 1123 non
451 1051 521 1119 iam
553 1048 659 1136 dico,
688 1049 801 1120 licere·
820 1048 951 1147 editori
971 1049 1104 1141 (quod
1126 1075 1148 1123 a

192 1164 313 1255 multis
340 1162 466 1257 saepe,
494 1158 526 1231 8c
562 1160 606 1231 ab
638 1158 714 1252 ipso
749 1160 908 1228 maximo
924 1157 1149 1231 ‘Casaubono

194 1276 292 1347 haud
319 1276 371 1345 ita‘
395 1297 471 1345 raro
497 1268 628 1345 felium
650 1271 836 1364 vidimus)
862 1270 1029 1341 transulire
1055 1294 1149 1363 quae

195 1410 272 1457 non
299 1386 491 1482 intelligat,
516 1400 577 1455 aut
600 1384 791 1477 inquibus
815 1383 967 1452 incertus
991 1384 1151 1469 haereat,

196 1494 231 1566 ὃς
254 1493 664 1589 [ιιρεῑςίἰῑοίοῳιοάεω
692 1491 830 1586 silentio
854 1492 1008 1584 speciem
1033 1493 1153 1565 sume·

197 1628 253 1691 τε,
272 1606 368 1697 quast
388 1604 436 1675 ita
455 1604 566 1674 facilia
585 1604 618 1673 8c
637 1604 675 1675 in
698 1620 846 1698 promtu
867 1601 995 1672 eaeffe
1015 1602 1151 1675 iudica·

198 1714 308 1801 verit,
334 1715 492 1784 utnulla
517 1712 701 1783 notatione
721 1728 784 1783 aut
804 1712 1034 1783 illustratione
1058 1713 1153 1784 indi·

199 1841 343 1923 gerent:
364 1824 455 1895 illud
488 1824 594 1912 dico,
630 1825 699 1896 five
729 1824 775 1894 de
804 1813 981 1919 scriptura
1005 1822 1155 1898 auiloria

199 1952 408 2029 quaeratur,
436 1933 506 2006 five
527 1934 575 2005 de
597 1935 791 2007 verborum
811 1937 1005 2026 sententia,
1022 1921 1087 2010 aut
1108 1937 1156 2011 de

199 2068 238 2117 re
260 2066 519 2137 quacumque,
543 2068 645 2135 quae,
672 2043 739 2140 tibi
769 2069 846 2116 non
877 2046 1059 2141 perspicua
1091 2046 1158 2136 fit,

202 2170 367 2248 apertum
390 2156 423 2222 in
445 2152 774 2253 Animadverfiunibus
796 2176 967 2247 campum
989 2150 1030 2228 te'
1049 2149 1158 2231 habe·

201 2257 245 2333 re*
266 2258 488 2351 liberamque
512 2260 721 2353 potestatem
746 2257 988 2351 dubitationes
1022 2279 1098 2337 tuas
1121 2254 1158 2337 'lc

206 2367 397 2440 dubitandi
416 2369 565 2439 rationes
586 2368 833 2462 proponendi,
847 2370 880 2443 8c
895 2371 932 2441 in
943 2392 1069 2459 omnes
1080 2398 1159 2468 par·

206 2494 258 2549 tes
279 2475 438 2548 versandi
457 2476 724 2567 quaestionema
749 2499 817 2547 nec
841 2475 908 2548 elie
928 2479 996 2577 tibi
1015 2479 1159 2582 impost-

207 2610 280 2658 tam
295 2585 551 2687 necessitatem,
572 2601 713 2658 'certum
735 2587 873 2680 aliquid
886 2582 1081 2676 statuendi,
1096 2607 1162 2664 aut

192 2693 271 2785 id,
308 2698 418 2791 quod¹
450 2697 617 2768 nondum
655 2697 740 2768 latis·
764 2716 975 2794 perceptum
1008 2701 1162 2792 habeat,

207 2809 309 2902 quali·
330 2823 540 2902 perceptum
568 2808 601 2879 ic
623 2809 856 2901 exploratum
873 2810 1072 2903 arripiendi.
1097 2811 1162 2887 ‘At

210 2915 277 2985 ubi
295 2915 421 3006 iplum
435 2913 626 3010 Exemplum
650 2911 719 2984 srvi
748 2913 926 3013 Contentus
946 2917 1081 3011 (quem
1097 2946 1164 2993 vo·

211 3027 357 3116 tamus)
383 3013 531 3093 auiloris
551 3025 820 3097 constituendus
841 3007 914 3114 eli,
939 3029 1116 3125 seligenda
1141 3055 1163 3102 e

212 3130 374 3226 pluribus
399 3128 468 3198 slve
490 3123 720 3200 teutonibus
733 3131 803 3200 five
824 3129 1054 3220 conicimus,
1081 3152 1165 3207 non

212 3237 342 3326 modo
349 3235 586 3307 diverfiffimis
595 3231 750 3330 saepius,
774 3242 1023 3314 verumetiam
1048 3267 1069 3313 e
1084 3243 1166 3317 dra

213 3365 329 3422 metro
347 3344 529 3416 interdum
549 3346 738 3449 oppositis,
760 3371 833 3418 una
850 3351 919 3436 est,
942 3373 1052 3477 quam
1071 3357 1167 3448 post·

214 3458 340 3532 habitis
358 3459 499 3529 caeteris
522 3445 738 3551 ampleilalis
763 3465 873 3556 atque
893 3464 999 3536 unice
1014 3468 1169 3562 probare

130 3570 133 3574 ’
214 3549 373 3638 videaris
418 3567 531 3660 Atqui
554 3566 838 3660 saepenumero
830 3589 877 3640 1ta
899 3572 992 3665 paria
1019 3578 1169 3670 reperias

215 3676 256 3746 in
281 3675 439 3769 partibus
454 3677 640 3748 contrariis
666 3679 844 3748 rationum
867 3701 1074 3783 momenta,
1100 3702 1168 3776 ut,

214 3789 335 3871 utram
357 3788 487 3882 eligas,
502 3789 601 3860 nulla
625 3807 719 3862 certa
736 3784 873 3861 ratione
878 3772 1103 3865 constituere
1117 3811 1170 3868 te·

132 3975 136 3980 Α
215 3919 301 3968 cum
322 3897 446 3990 poffis·
470 3898 584 3991 fitque
599 3897 769 3984 lubrnde,
791 3916 837 3968 ut
843 3902 1053 3993 postquam
1066 3929 1172 3976 curn

216 4004 372 4078 maxime
393 4003 430 4074 i'n
451 4004 555 4086 hanc
563 4021 704 4100 partem
725 4001 868 4088 trailam
888 4008 1174 4111 inclinatamque

290 4115 408 4186 Athen.
439 4097 506 4188 Vol
531 4118 560 4186 Ι.
689 4123 694 4140 χ
970 4117 992 4187 f
