3167 5125
428 507 500 563 nv
657 483 1111 584 enarrarre

427 635 497 716 tius
515 642 553 717 in
572 645 640 716 hac
660 644 879 718 Praefatione
901 643 1098 716 dicendum
1117 641 1294 731 iudicavi,
1318 639 1385 714 ad·
1484 631 1485 640 ¹

401 839 403 845 ¹
428 781 473 828 eo
485 755 685 828 luculenter
697 754 729 826 lc
742 757 907 828 adcurate
922 754 1105 850 exposuit,
1123 749 1255 826 adiediri
1268 755 1383 828 etiam

427 863 616 958 scripturae
643 864 908 952 delineatione,
939 863 1192 957 speciminibus
1219 887 1301 934 cum
1333 887 1385 934 ex

424 967 503 1068 ipso
522 974 654 1046 codicis
672 971 869 1064 principio,
887 989 966 1044 turn
986 973 1101 1044 rursus
1118 973 1304 1062 emedio,
1321 973 1385 1044 de·

424 1084 537 1176 nique
558 1083 604 1155 ab
627 1081 875 1170 extremitate,
905 1080 1039 1154 cundiie
1060 1083 1186 1156 esocis
1211 1083 1278 1153 illic
1308 1084 1380 1154 ubi

424 1195 536 1290 vulgo
558 1195 703 1279 lacunae
724 1191 831 1278 sunt,
859 1190 997 1285 petitia:
1024 1208 1089 1278 ut,
1112 1192 1254 1285 quoties
1280 1193 1383 1274 illiue

424 1303 566 1374 notulas
583 1301 931 1396 descriptionemque
953 1301 1121 1396 inspicio,
1143 1301 1259 1394 ipsum
1274 1299 1381 1372 codi-
1485 1383 1486 1398 χ

424 1406 505 1487 cerri
522 1413 632 1482 oculis
653 1412 739 1481 meis
763 1407 962 1484 subiectum
973 1395 1113 1482 'habere
1134 1411 1224 1482 mihi
1243 1411 1381 1482 videar.
1485 1493 1486 1502 ἵ

425 1518 535 1590 Cuius
558 1521 675 1595 meriti
701 1516 838 1608 cautla,
861 1520 899 1592 in
922 1519 1147 1592 Athenaeum
1179 1519 1325 1605 collati,
1353 1519 1381 1590 sr

348 1661 351 1668 ’
422 1627 568 1727 gratim
598 1634 811 1702 nonnullam
844 1631 966 1702 deberi
995 1629 1238 1700 Gouornrnr
1267 1626 1378 1698 nostri

418 1740 611 1838 ,industriae
634 1740 866 1812 iudicaverint
881 1739 945 1832 qui
960 1739 1075 1812 nolira
1094 1737 1252 1812 editione
1274 1754 1379 1810 uten-

424 1868 501 1927 turr
525 1873 573 1920 ne
589 1851 660 1920 hoc
678 1849 828 1942 quidem
852 1850 1011 1946 ignorare
1031 1874 1092 1922 eos
1113 1848 1248 1934 velim,
1269 1847 1378 1941 quod
1486 1837 1487 1846 ἵ

423 1960 554 2034 lubens
570 1979 678 2050 atque
697 1959 827 2031 merito
842 1959 988 2052 publice
1008 1961 1078 2032 hoc
1093 1960 1174 2046 loco
1187 1959 1376 2054 profiteor,
1486 2005 1487 2056 3

423 2085 559 2165 partem
586 2068 680 2138 illiue
711 2070 839 2165 gratiae
874 2069 969 2140 haud
1007 2069 1218 2162 postremam
1250 2067 1378 2139 deberi

424 2201 507 2249 cunr
524 2176 694 2249 Virorum
719 2171 929 2265 doctorum,
955 2176 1020 2269 qui
1046 2174 1286 2248 Bibliothecae
1305 2177 1377 2249 Pa-

422 2284 548 2356 rifiensr
567 2283 750 2378 praesunt,
774 2299 856 2356 turn
878 2286 1052 2368 aliorum,
1075 2282 1373 2372 benevolentiae,
1425 2323 1430 2332 ·

423 2393 487 2492 qui
507 2394 566 2463 vel
585 2392 790 2463 facultatem
818 2393 1185 2489 commoditatemque
1213 2395 1373 2480 studioso

420 2501 543 2575 iuveni
565 2501 750 2599 indulgere
770 2505 991 2591 voluerunt,
1022 2520 1065 2575 ut
1087 2527 1152 2598 per
1173 2504 1289 2597 otium
1314 2505 1375 2577 in·

422 2612 590 2685 cumbere
607 2613 658 2681 illi
678 2636 805 2706 operae
827 2612 958 2705 pollet,
974 2614 1033 2683 vel
1055 2610 1245 2685 necessariis
1258 2613 1373 2685 adrni-

422 2718 549 2791 niculie
567 2720 736 2794 eumdem
758 2702 947 2807 instruere,
973 2722 1032 2792 vel
1057 2720 1205 2793 consiliis
1223 2720 1290 2791 luis
1313 2745 1373 2793 re-

420 2852 501 2925 gere
527 2829 660 2927 dignati
684 2830 776 2901 sunt
815 2830 1002 2901 Caeterum
1026 2830 1251 2923 quicumque
1272 2830 1375 2907 labo·

420 2940 464 3010 ris
486 2939 580 3018 illiue
601 2939 901 3011 conserendorum
925 2939 1095 3013 codicum
1118 2938 1374 3033 manuscripto·

419 3072 501 3117 rum
521 3046 624 3118 usum
638 3050 799 3141 aliquem
821 3050 960 3121 autres
980 3051 1096 3121 levem
1120 3047 1284 3118 notitiam
1306 3050 1371 3129 ha-⁴

418 3148 527 3243 bent,
546 3154 648 3227 facile
673 3156 896 3255 intelligent,
915 3156 991 3227 sieri
1014 3179 1090 3225 non
1113 3152 1231 3248 posse,
1254 3156 1370 3246 quin,

418 3252 711 3359 quantacumque
734 3264 881 3336 tandem
905 3264 1011 3336 fuerit
1030 3265 1112 3336 cura
1129 3263 1173 3333 'in
1191 3264 1297 3335 huins
1314 3288 1370 3336 co·

309 3372 312 3382 ’
346 3454 350 3461 ,
419 3374 505 3448 dicis
524 3377 712 3448 collatione
730 3376 864 3473 posita,
888 3378 947 3447 vel
968 3376 1012 3445 lrc
1036 3374 1142 3446 etiam
1166 3374 1280 3445 multa
1303 3374 1368 3458 su·¹

415 3547 873 3631 ipto,quoluianu1upaffinpne·
913 3572 960 3613 ner
982 3577 1045 3613 vero
1060 3572 1111 3613 tant
1123 3551 1288 3628 perpetus&
1305 3570 1372 3606 con·

414 3640 518 3692 termifit
534 3643 704 3709 Epironrator,
718 3639 766 3693 alia
776 3639 803 3693 in
816 3641 872 3693 bre·
910 3638 1007 3693 tinente
1021 3638 1167 3709 diligentia,
1190 3652 1263 3704 quarn
1279 3636 1372 3687 Vene-

413 3718 474 3769 rius
486 3721 627 3783 contraxit,
641 3721 667 3773 ἃ
683 3718 806 3773 orationis
822 3718 874 3772 sorb
910 3729 954 3770 tre
976 3719 1146 3781 membranae,
1166 3730 1222 3767 curn
1249 3710 1369 3781 inpreffo

414 3814 478 3850 nram
488 3795 591 3852 subinde
603 3801 718 3853 mutavit.
736 3802 782 3853 llle
795 3800 872 3870 igitur
910 3800 1026 3865 exemplo
1045 3798 1152 3851 collatus
1167 3794 1216 3854 eli;
1233 3805 1260 3843 at
1274 3792 1311 3843 eie
1327 3806 1370 3851 req

414 3877 496 3930 codex
511 3877 568 3929 inde
583 3896 597 3930 r
610 3880 687 3933 tertio
704 3881 828 3934 Athenaei
843 3882 872 3933 li·
910 3893 967 3928 rnen
983 3875 1090 3928 maxime
1111 3876 1137 3927 in
1151 3872 1216 3927 locis
1232 3870 1368 3937 diligenter

415 3959 462 4013 bro
476 3957 555 4011 inulti
576 3955 676 4027 quidem
698 3960 773 4013 etin
795 3958 873 4027 curi,
910 3955 1050 4028 ntpetlur,
1064 3952 1369 4038 viaeauttllqwsffl
