3167 5125
428 557 839 634 EDITORIS.
1028 582 1152 641 mm

647 714 708 787 Vt.

238 823 393 899 oenus
422 840 615 899 tontum
638 841 769 920 usqua
797 845 853 897 nu
885 845 1118 905 anmoumt

496 953 856 1008 onsiuuoutnuuu.

291 1056 430 1129 Latinae
448 1054 615 1152 Verſsones.
632 1056 761 1149 Excuffl
777 1058 921 1127 meliores
936 1055 1066 1132 codices
1143 1018 1147 1026 Ι
1213 1138 1216 1146 ,

304 1170 308 1176 “
381 1208 387 1219 -
501 1166 713 1263 manuscripti
736 1163 858 1237 Italici.
1107 1183 1110 1187 “

215 1304 218 1309 ’
256 1272 410 1345 'Virorum
421 1275 579 1345 douomm
591 1276 625 1345 in
638 1274 839 1345 Athenaeum
852 1272 1107 1350 Enundationee.

255 1420 312 1491 Ex
325 1429 401 1513 q'uo'
416 1419 508 1514 typis
529 1412 588 1506 ei,
605 1442 678 1511 qua
700 1416 795 1505 dixi,
814 1419 951 1490 ratione
969 1424 1158 1519 vulgatum

207 1526 282 1600 etat
303 1527 475 1599 Athenaei
492 1552 601 1621 opus,
616 1527 773 1615 certatim
794 1530 944 1599 excitata
961 1529 1044 1602 funt
1063 1532 1160 1605 viro·

208 1660 292 1706 rum
315 1630 503 1707 dodorum
521 1634 657 1720 studia,
675 1634 803 1728 partim
826 1634 874 1704 ad
894 1632 1034 1707 studius·
1046 1640 1160 1710 cuius·

209 1746 300 1817 libet
320 1747 451 1844 generis
473 1768 520 1815 ex
536 1746 606 1814 hoc
631 1736 810 1814 doitrinae
829 1768 944 1815 cornu
962 1748 1085 1840 copiae
1104 1772 1162 1821 ut·

209 1856 380 1951 piendos5
403 1857 530 1950 partim
546 1854 591 1925 ad
602 1852 864 1925 conferendum
885 1856 1067 1949 quidquid
1082 1856 1164 1951 posd

208 1965 308 2053 sent,
333 1990 409 2058 quo
437 1963 673 2037 studiosorum
697 1962 864 2035 omnium
881 1962 959 2034 usui
986 1990 1076 2058 opus
1088 1983 1164 2037 tam

211 2074 431 2168 praeclarum
449 2073 557 2169 magis
573 2070 655 2143 eiset
665 2061 1005 2161 adcommodatum,
1018 2074 1166 2147 facilius·

211 2206 286 2275 que
306 2199 460 2277 pateret3
472 2220 475 2223 ·
487 2182 614 2277 partim
637 2180 684 2252 ad
706 2178 882 2251 samienda
896 2181 1026 2253 damna
1042 2209 1081 2255 ac
1101 2186 1164 2257 de⁴

210 2292 408 2379 nimenta,
438 2289 571 2385 quibus
603 2290 720 2361 adhuc
744 2286 928 2361 adflitium
953 2289 1050 2363 idem
1073 2317 1164 2383 opun

212 2418 308 2489 etat,
338 2403 442 2493 quale
462 2418 550 2472 tunc
574 2401 613 2471 in
638 2401 804 2471 manibus
837 2400 1031 2472 homiuum
1050 2400 1164 2473 versa-

209 2510 325 2584 batur.
349 2510 492 2582 Infinita
512 2510 708 2604 suntquae
725 2509 795 2580 hoc
815 2509 897 2579 loco
912 2508 982 2580 dici
1001 2508 1161 2605 poiieute

211 2643 232 2692 e
254 2618 385 2718 quibus
406 2643 538 2712 pauca,
566 2642 658 2712 quae
682 2618 715 2687 dc
744 2639 828 2709 prae
848 2619 992 2688 caeteris
1014 2618 1163 2690 neceffa-

210 2729 261 2799 ria
284 2726 477 2812 videntur,
499 2726 531 2800 8c
551 2725 656 2797 nobis
685 2747 784 2795 nuuc
809 2724 964 2796 maxime
983 2725 1022 2795 in
1042 2751 1164 2820 prom·

212 2854 254 2906 tu
272 2835 371 2922 sunt,
388 2835 633 2905 delibabimus.

213 2990 313 3060 quidem
324 2988 486 3042 Casnubouus
502 2990 574 3044 fecit.
589 2988 672 3044 Sintii-
710 2991 792 3058 emplu
820 2989 882 3043 usus
902 2989 955 3044 est:
978 2991 1006 3044 iu
1028 2993 1164 3061 eademque

213 3070 286 3122 limae
301 3071 390 3134 culpae
407 3069 540 3120 Bedrotuin
552 3070 671 3132 ,smilli-
710 3071 795 3126 Gallia
807 3070 996 3139 Dalecampius,
1008 3074 1052 3141 qui
1063 3092 1107 3147 pet
1116 3075 1168 3125 tti··

213 3163 270 3200 mae
298 3147 465 3216 negligentiae
496 3147 670 3200 casaubonum
710 3150 1081 3220 gintnfeteeunotumt'patium
1091 3153 1167 3206 Athe·

212 3223 355 3278 convitium
367 3225 508 3276 videbimus
521 3225 567 3278 tv.
581 3242 637 3288 ¹44·
647 3242 670 3275 a·
710 3244 774 3279 naeo
787 3228 892 3280 latinum
906 3229 932 3279 in
945 3229 1084 3284 sermonem
1101 3249 1164 3284 con·

214 3310 259 3362 ubi
272 3309 430 3362 evetetibun
446 3305 570 3362 Herodoti
586 3309 673 3363 editio·
711 3308 832 3360 vertendo
848 3309 980 3374 incubuit,
997 3326 1049 3361 non
1070 3314 1119 3364 aiio
1138 3311 1165 3366 se

213 3392 288 3444 nibus
299 3393 310 3460 (
321 3408 354 3444 ex
366 3391 491 3446 Herodot·
503 3391 524 3444 1.
540 3393 612 3460 ¹331)
623 3409 670 3459 pro
709 3388 825 3453 exemplo
842 3385 913 3438 usum
928 3383 1051 3457 professus
1068 3391 1117 3453 est5
1137 3393 1163 3445 dt

214 3472 332 3538 eoquod
350 3470 492 3538 proximum
516 3486 578 3522 vero
597 3466 672 3522 debat
709 3464 750 3516 hic
768 3465 869 3533 quidem
894 3483 922 3518 ea
942 3470 1016 3521 etiem
1037 3469 1120 3524 eauffa
1137 3472 1164 3528 se

214 3549 281 3615 apud
296 3548 450 3601 Athenaeum
461 3546 540 3600 editio
554 3547 670 3610 Veneta,
710 3543 756 3594 hac
783 3543 895 3597 editione
922 3543 993 3596 usum
1026 3544 1164 3616 fignificat,

215 3630 326 3682 alienum
339 3628 442 3697 prorsus
467 3622 493 3677 οὖ
517 3622 614 3680 ψιλοῖσι
634 3639 672 3679 te-
710 3623 777 3690 quod
793 3640 847 3677 eam
865 3625 1058 3680 emendatiorem
1077 3630 1167 3687 Aldina

215 3725 283 3760 inere
298 3707 341 3760 ille
357 3708 485 3759 Athenaeo
496 3704 615 3780 obtruiit,
628 3705 671 3758 hie
694 3703 872 3780 ,existimaret
894 3707 948 3758 Nec
962 3725 1025 3761 vero
1040 3711 1088 3762 iam
1107 3727 1166 3767 ante

216 3787 335 3844 intatiunt
350 3787 461 3856 reliquit.
709 3784 758 3836 hon
772 3786 912 3838 utturetum
932 3788 984 3839 atio
1004 3790 1075 3842 usum
1093 3791 1167 3845 fuiss'e

248 3878 285 3947 g)
301 3875 378 3929 Certe
393 3875 419 3925 in
436 3874 518 3927 Gallia
535 3873 608 3926 etiam
619 3871 673 3941 ipse
710 3867 843 3933 exemplo,
856 3869 931 3934 paulo
944 3869 1000 3936 post
1013 3871 1166 3937 videbimus,

215 3950 392 4016 casaubonus,
406 3965 437 4004 ut
452 3952 527 4004 motio
543 3951 651 4002 vidimus
664 3986 673 4012 ,
711 3955 768 3999 not·
778 3961 812 4000 m·
824 3942 860 3997 ad
872 3942 991 4003 seffli-

215 4032 313 4089 nunniti
332 4029 474 4088 Baiileenfis,
491 4030 609 4090 editionis
621 4045 675 4086 ex·

311 4117 426 4186 Athen.
456 4113 522 4184 Vol.
546 4114 577 4184 1.
968 4134 992 4188 c
