3167 5125
482 505 932 642 tora-ouras
1076 583 1140 664 ¹es

189 725 329 820 persint·
341 726 440 814 lota,
454 718 493 795 in
510 723 642 815 quibus
654 723 700 814 is„
714 723 777 816 qui
792 747 890 796 novo
906 722 1022 799 studio
1036 747 1139 795 eum·

190 835 277 906 dem
298 834 464 908 adcurate
485 833 755 926 perquisiverit‚
783 835 842 905 vel
869 832 1006 927 aliquid
1037 832 1139 905 diffe·

190 971 271 1020 rens
289 948 349 1018 ab*
363 971 406 1017 eo
429 943 536 1037 quod
560 967 659 1015 nunc
690 944 774 1014 inde
798 947 979 1038 prolatum
1011 943 1141 1031 fuerit,

188 1055 232 1127 stt
250 1073 470 1148 reperturus3
492 1053 550 1129 vel
569 1050 835 1148 discrepantiam
857 1056 1073 1156 nonnullam
1089 1053 1137 1123 ab
1171 1073 1174 1077 ’

190 1162 353 1256 impresso
369 1176 565 1248 context-u,
585 1186 678 1254 quae
692 1155 910 1262 diligentiam
924 1167 1047 1260 prioris
1062 1165 1139 1258 spe·
1215 1193 1218 1204 ·

187 1272 352 1343 culatoris
373 1271 548 1369 effugerit,
568 1274 610 1344 srt
622 1274 910 1370 deprehensurus.
935 1277 1058 1380 Quare
1073 1297 1138 1345 cu·

187 1382 274 1474 pio,
295 1399 405 1473 atque
421 1383 526 1452 etiarn
541 1383 666 1476 spero,
686 1384 761 1456 sore
780 1403 822 1457 ut
837 1387 979 1480 posthac
995 1388 1054 1458 vel
1071 1409 1137 1456 no-

188 1493 243 1563 bis
272 1481 372 1586 ip‘fis,
405 1489 566 1566 absoluti
587 1495 689 1566 bono
718 1521 803 1567 cum
826 1496 906 1570 Deo
932 1497 996 1567 hac
1021 1496 1135 1589 prima

185 1601 404 1696 rudioreq‘ue
426 1597 554 1696 operi,
581 1628 691 1696 quam
714 1604 752 1673 in
775 1603 1001 1676 emendando
1024 1601 1136 1673 Athe·
1206 1595 1207 1600 ἵ

185 1735 279 1781 naeo
301 1713 490 1806 ponimus,
514 1713 665 1807 potessas
679 1714 778 1785 olim
798 1713 927 1801 detur,
949 1725 1011 1784 aut
1027 1727 1068 1784 ut
1082 1712 1137 1780 iu*

186 1823 293 1900 terim
317 1824 369 1895 vir
386 1824 512 1916 aliquis
529 1819 654 1895 dusius
669 1824 843 1895 Athenaei
861 1823 1051 1910 studiosus,
1069 1819 1134 1914 qui

184 1929 345 2002 Lutetiae
364 1931 538 2018 versetur,
558 1931 650 2001 hanc
673 1932 736 2002 fibi
753 1931 975 2024 provinciam
1000 1930 1134 2016 sumat,

183 2044 393 2135 exemplum
406 2044 512 2113 huius
524 2039 672 2114 auiloris
690 2068 710 2112 a
728 2043 832 2112 nobis
843 2060 1043 2135 utcumque
1053 2061 1133 2110 con·

181 2139 346 2222 stitutum
359 2149 482 2235 denuo
504 2176 614 2243 quam
632 2152 886 2222 adcuratilhme
904 2175 987 2224 cum
1000 2145 1130 2220 eodem

182 2258 309 2339 codice
328 2259 579 2351 comparandi,
605 2261 638 2334 8c
657 2287 750 2355 quae
769 2262 834 2330 ille
852 2247 1129 2352 suppeditaverit

181 2366 229 2436 ad
248 2366 515 2440 emendandum
528 2369 599 2442 hoc
612 2396 703 2465 opus
719 2369 893 2468 spicilegia
911 2369 950 2439 in
967 2368 1130 2462 publicos

181 2473 263 2545 usus
278 2474 497 2547 conferendi.
1070 2474 1074 2480 '

230 2584 410 2672 hcodex,
428 2582 562 2677 dequo
578 2584 696 2657 adhuc
717 2584 822 2657 verba
836 2581 984 2657 fecimus
994 2564 1130 2677 {prius

180 2717 290 2785 quarn
305 2693 445 2785 aliquot
464 2693 595 2765 abhinc
613 2694 738 2780 annis,
758 2684 1046 2767 bonit-Athenaei
1059 2692 1130 2763 fot·

179 2793 293 2889 toul,
318 2799 477 2873 Venetiis
501 2802 645 2875 Parifios
675 2802 792 2885 fuisset
828 2806 1037 2889 translatus,
1064 2826 1128 2895 pet

179 2912 290 2981 trium
307 2910 505 2981 seculorum
523 2909 776 2998 decursum&
796 2912 965 3003 amplius,
983 2910 1021 2979 in
1038 2910 1130 2979 Mar·

119 3030 122 3036 '
179 3018 300 3087 tianae
324 3015 561 3089 Bibliothecae
588 3018 705 3090 nescio
730 3015 865 3108 quibus
879 3014 1130 3115 penetralibus

178 3129 229 3211 ita
247 3125 450 3197 reconditus
473 3124 600 3212 iacuit,
624 3142 667 3196 ut
683 3126 819 3196 nemini
837 3144 912 3195 non
937 3124 1050 3193 modo
1064 3144 1128 3216 pet

179 3236 297 3305 otium
320 3232 523 3301 excrrtieudi
544 3232 635 3301 illius
660 3231 809 3325 potestas
822 3284 832 3317 ,
864 3230 925 3299 sed
949 3255 995 3300 ne
1019 3230 1127 3323 inspi-

179 3344 303 3426 ciendi
323 3340 472 3434 quidem
500 3338 644 3410 facultas
666 3340 749 3409 data
775 3336 874 3408 fuisse
891 3339 1068 3409 rideatur.
1084 3344 1126 3437 y)
1147 3332 1150 3341 ’

177 3456 305 3528 Fuerat
332 3452 419 3522 olim
445 3453 641 3547 Bffzrionis
667 3450 876 3522 Car'dinalis:
906 3472 1024 3541 eoque
1048 3450 1125 3520 viro
1226 3530 1230 3537 ,

175 3630 281 3682 ueteris
298 3629 470 3683 difficultatem
485 3630 576 3683 habere
591 3631 633 3683 vi·
671 3630 787 3701 impresso
807 3631 922 3699 exemplo
939 3643 1038 3699 reperte
1059 3641 1127 3685 erat.

173 3712 318 3773 ciebantur,
346 3722 389 3762 aut
415 3710 442 3761 iu
467 3711 559 3778 quibus
588 3714 632 3765 vel
698 3712 804 3781 ”Nee
815 3710 894 3763 Aldus
905 3708 965 3761 olim
979 3720 1023 3759 aut
1035 3708 1126 3761 Musu-

174 3788 315 3843 emendatio
337 3788 453 3854 quaedam
473 3789 500 3839 iu
514 3806 558 3840 ora
576 3790 630 3842 edi·
668 3806 729 3852 tus,
741 3806 797 3841 eum
815 3788 916 3855 primam
934 3786 1056 3839 Athenaei
1072 3789 1126 3841 edi·

172 3867 253 3919 tionis
263 3866 462 3919 Casauhoniauae
476 3885 502 3920 2.
513 3868 540 3919 &
557 3886 582 3946 3.
595 3870 630 3921 eli
668 3868 765 3919 tionem
779 3879 914 3930 eruerent,
927 3863 953 3917 δι
962 3865 1061 3919 codices
1073 3864 1125 3917 nu·

83 3935 84 3944 ¹
172 3947 307 4008 adunata,
322 3948 365 3999 vel
372 3945 536 4015 discrepantia
546 3950 630 4017 aliqua
669 3950 740 4001 disse
751 3948 944 4017 conquirerent,
957 3966 1004 4003 nee
1013 3948 1124 4002 llermov

170 4024 328 4087 veneratum
368 4025 565 4096 membranarum
597 4029 629 4082 ab
667 4030 723 4082 laus
735 4028 876 4095 uubuus,
890 4043 938 4083 nes
953 4026 1051 4084 Natalis
1069 4028 1129 4090 coa
1202 4016 1206 4029 '
