3167 5125
445 555 528 611 cxn
688 519 1145 604 PRAEFATIO
1228 535 1233 546 ·

443 694 562 772 lare&
579 707 707 794 urgere
714 691 915 786 inllareque
935 709 1011 760 non
1025 683 1171 767 definit3
1194 678 1311 752 donec
1336 676 1405 750 diu

444 807 597 902 quidem
612 801 868 884 reluslantem,
898 821 982 870 cum
1005 793 1243 874 difficultates,
1265 788 1406 880 quibus

443 919 602 993 obfitum
623 913 786 1006 undique
807 908 846 978 id
870 903 1055 1002 negotium
1076 897 1183 984 ellet,
1210 894 1406 988 suspicarer

445 1031 618 1130 quidem,
642 1049 710 1097 nec
732 1043 854 1096 tamen
876 1019 952 1092 satis
975 1013 1222 1112 perviderem,
1249 1008 1405 1080 tandem
1488 1069 1489 1104 ζ

445 1139 648 1239 permovit,
667 1154 708 1205 ut
722 1135 768 1204 ad
779 1127 1039 1228 procurandam
1054 1149 1157 1210 eam,
1174 1121 1407 1213 quamvole·

446 1252 528 1335 bat,
541 1243 715 1317 Athenaei
727 1241 936 1324 editionem,
951 1236 1012 1307 vix
1024 1227 1287 1323 tum'Simplicii
1298 1215 1407 1300 Com·

447 1356 622 1436 menta‘rio
643 1353 681 1424 in
697 1347 901 1446 Epistetum
916 1336 1078 1438 supremi
1089 1361 1200 1414 manu
1214 1331 1406 1430 impoliti,

447 1489 593 1562 operam
616 1471 733 1532 meam
756 1459 1061 1552 qualemcumque
1083 1449 1278 1541 pollicerer.

496 1575 628 1667 Neque
653 1580 739 1643 vero
762 1569 834 1638 ulla
857 1559 1066 1636 conditione
1092 1579 1183 1628 onus
1201 1553 1319 1639 illud,
1345 1549 1406 1626 cui

447 1683 652 1758 sustinendo
676 1680 798 1772 pulcre
825 1693 995 1742 noveram
1023 1691 1135 1760 quam
1150 1665 1308 1758 'impares
1330 1664 1406 1738 mei
1439 1751 1441 1758 Ι
1488 1689 1489 1760 l

449 1797 557 1868 ellent
578 1789 742 1874 humeri,
766 1782 915 1876 imponi
941 1779 1031 1849 mihi
1062 1775 1217 1872 passurus
1241 1769 1405 1863 follem,
1488 1791 1489 1872 j

448 1907 512 1976 nist
533 1903 581 1973 ad
602 1897 855 1997 cogitationem
874 1891 1187 1973 adiumentorum,
1205 1886 1406 1979 quaemihi

449 2013 579 2111 partim
598 2035 644 2080 ex
662 2002 1033 2102 praestantilstmorum
1053 1998 1223 2068 codicum
1240 1997 1405 2066 collatio*

449 2121 516 2212 ne,
539 2120 668 2216 partim
692 2141 737 2188 ex
758 2131 814 2188 tot
836 2108 1114 2186 dosliffimorum
1139 2109 1299 2179 virorum
1324 2107 1406 2178 scri·

448 2236 548 2333 ptis,
568 2249 657 2304 ‘cum
682 2228 730 2298 ad
751 2223 1022 2297 emendandum
1052 2237 1131 2318 tum
1157 2217 1203 2287 ad
1228 2216 1404 2287 illustran·

453 2347 544 2419 dum
558 2341 782 2413 Athenaeum
801 2329 1061 2430 spectantibus,
1081 2329 1215 2421 praello
1231 2324 1340 2398 essent
1354 2329 1405 2398 fu·

448 2455 554 2541 tura,
570 2451 645 2542 spes
666 2447 771 2517 etiam
794 2458 888 2514 certa
908 2425 1086 2510 acc'effillet
1100 2437 1146 2506 de
1160 2437 1231 2506 aliis
1247 2439 1408 2507 nonnul·

361 2556 362 2562 ἵ
450 2557 493 2638 lis
515 2559 706 2659 insignibus
729 2553 921 2651 praesidiis,
945 2574 1037 2643 quae
1062 2547 1151 2619 mihi
1172 2546 1210 2617 in
1232 2570 1272 2617 ea
1295 2572 1408 2639 opera

452 2695 530 2745 non
562 2667 728 2738 defutura
759 2662 825 2734 else
851 2658 1053 2757 persuasum
1085 2656 1273 2727 habebam.
1310 2650 1410 2727 Nam

452 2780 613 2877 primurn
633 2774 782 2869 quidem
801 2772 986 2856 omnium,
1008 2766 1166 2839 eiusdem
1188 2750 1261 2837 Viri
1288 2764 1408 2854 dotti,

443 2896 567 2987 quem
585 2888 655 2958 iam
672 2883 915 2979 saepiusrdixi,
931 2880 1202 2951 Observationes
1216 2880 1409 2977 manuscri-

452 3017 552 3097 ptas,
574 2996 620 3066 de
640 2994 773 3088 quibua
792 2992 841 3063 ad
859 2992 1032 3064 Exterum
1053 2988 1213 3059 nostrum
1232 2989 1410 3059 transmit·

453 3110 571 3183 'tendis
592 3108 662 3178 iam
686 3122 758 3176 erat
781 3110 1027 3191 conventum,
1056 3100 1285 3173 confidebam
1306 3126 1411 3196 prae·
1488 3096 1489 3107 ’

452 3216 564 3311 'cipuo
578 3214 665 3285 mihi
683 3212 893 3296 adiumento
910 3212 1052 3285 suturas.
1073 3208 1173 3279 Tum
1193 3233 1277 3279 vero
1294 3210 1410 3280 maxi·
1488 3234 1489 3243 ¹

451 3332 530 3403 ‘mas
549 3326 637 3422 spesN
647 3325 684 3394 in
708 3324 901 3395 Bnuncrn
920 3323 1024 3395 nostri
1045 3318 1305 3391 &eruditionis
1329 3322 1409 3391 the·
1488 3310 1489 3335 ³

425 3471 429 3478 ¹
451 3435 559 3509 saurir
580 3435 612 3505 sc
633 3432 885 3503 benevolentia
907 3452 1122 3522 amoreque,
1145 3452 1221 3521 quo
1242 3447 1302 3499 me
1325 3432 1409 3500 lon·
1488 3448 1489 3487 ὲ

452 3547 507 3644 'gis
525 3546 656 3616 abhinc
675 3543 773 3614 annis
791 3535 1060 3635 complectitur,
1078 3537 1307 3633 reponebam.
1328 3539 1410 3611 Nec
1488 3616 1489 3631 χ

458 3656 558 3725 enim
570 3654 684 3725 solum
705 3649 955 3737 confidebam,
975 3674 1019 3720 ex
1036 3645 1285 3721 instrusli'ffima
1302 3650 1412 3722 huius

452 3757 537 3840 {Viri
561 3760 780 3831 bibliotheca
803 3758 1004 3831 necessarios
1029 3757 1136 3828 libros
1160 3774 1312 3847 omnes,
1343 3762 1410 3853 qui

452 3862 605 3963 aliunde
625 3888 702 3935 non
720 3866 971 3959 suppeterent,
985 3864 1119 3959 praello
1141 3864 1229 3933 mihi
1241 3864 1410 3951 ·futur0s;

364 3959 368 4020 ⁴
459 3982 588 4048 'verum
612 3975 719 4047 etiam
744 3976 851 4069 ipsius
876 3974 951 4051 Viri
975 3960 1248 4071 praestantissimi
1275 3976 1412 4071 (quem
