3167 5125
453 550 506 610 cx
705 528 1163 606 PRAEFATIO

453 694 502 766 de
522 718 543 765 a
566 690 710 791 triginta
728 694 827 766 annis
848 715 933 788 prae
952 691 1093 765 caeteris
1112 690 1186 761 aliis
1198 683 1410 762 rudioribus

451 802 678 889 Athenaeum
698 805 735 874 in
755 805 887 876 deliciis
909 803 1101 891 habuerat,
1123 799 1294 874 &abillo
1316 801 1407 872 inde

450 927 615 1007 tempore
640 913 823 1005 quidquid
850 912 896 982 ad
922 911 1181 1006 expoliendum
1201 912 1309 982 ‘hunc
1338 935 1407 982 au·

451 1019 587 1096 {iorem
615 1024 808 1115 pertineret
827 1022 977 1093 studiose
1005 1019 1266 1114 conquisiverat
1283 1020 1409 1092 adno-

450 1150 681 1224 tenentque,
696 1133 884 1220 excitavit,
899 1149 941 1202 ut
961 1131 1101 1203 suanrm
1119 1132 1157 1204 in
1174 1131 1405 1204 Athenaeum

451 1241 755 1314 Observationum
770 1238 805 1310 dc
821 1239 1126 1311 Emendationum
1141 1242 1325 1339 syntagma
1338 1265 1407 1336 per

450 1348 691 1422 meExruuo
712 1349 850 1435 nostro,
881 1346 972 1420 Viro
999 1341 1108 1433 dotio¹
1120 1397 1132 1436 ,
1154 1349 1220 1442 qui
1241 1349 1408 1421 instituto

449 1459 707 1556 typographico
718 1458 899 1530 Societatis
912 1455 1123 1552 Bipontinae
1132 1459 1285 1552 praeest,
1298 1459 1404 1552 quod

447 1563 562 1637 hodie
579 1567 644 1635 hac
664 1565 702 1635 in
721 1567 811 1638 urbe
834 1567 930 1637 sedes
951 1567 1025 1639 suas
1049 1567 1177 1656 habet,
1203 1570 1297 1664 typis
1322 1573 1404 1641 vul·

449 1676 579 1775 gandae
593 1675 741 1746 offerret.
766 1677 929 1752 Exterus.
949 1678 1007 1748 cui
1021 1676 1116 1748 haud
1126 1679 1307 1750 immerito
1321 1703 1403 1752 con·

450 1784 567 1856 sisium
582 1781 675 1852 illud
696 1780 927 1876 Lipnenuum
948 1782 1121 1856 Athenaei
1141 1785 1339 1858 editionem
1356 1789 1404 1858 ita

451 1888 686 1977 instaurandi,
704 1905 747 1958 ut
762 1881 952 1962 contextus
966 1891 1253 1964 Casauboniar'rus
1265 1893 1405 1987 absque

445 1997 652 2070 mutatione
677 2012 919 2089 repeteretur,
949 2023 1082 2092 *par-um
1114 2001 1309 2072 commode
1338 2004 1407 2074 ini·

451 2125 535 2180 tum
557 2105 672 2178 visum
696 2123 790 2195 erat,
817 2107 930 2180 &cui
953 2111 1023 2182 iam
1049 2127 1136 2182 tunc
1156 2109 1306 2204 suspicio
1330 2128 1405 2184 erat
1487 2135 1488 2144 ¹

450 2219 579 2291 oborta
596 2215 738 2289 exitum
761 2239 837 2287 non
857 2217 1057 2290 habituram
1073 2218 1170 2291 illam
1187 2219 1406 2310 editionem,

450 2331 569 2402 multo
594 2330 721 2400 melius
741 2327 949 2399 satisfactum
978 2330 1020 2400 iri
1042 2329 1217 2401 desideriis
1230 2355 1405 2402 commo·

351 2450 354 2455 “
451 2437 581 2532 dieque
598 2423 834 2506 studiosorum
858 2430 1032 2508 lediorum
1055 2435 1255 2523 iudicabat,
1277 2437 1302 2506 sr
1327 2461 1404 2508 non

449 2564 525 2620 tarn
548 2545 734 2643 separatim
752 2546 943 2618 ederentur
970 2547 1008 2618 in
1024 2545 1250 2619 Athenaeum
1270 2547 1406 2621 Obser·
1486 2636 1487 2645 ἵ

449 2656 638 2744 vationes,
660 2680 768 2749 quam
788 2656 818 2727 sr-
837 2681 906 2751 ope
927 2656 1036 2729 totius
1061 2659 1247 2751 adparatus
1268 2660 1404 2731 critica·
1486 2654 1487 2683 ³

448 2790 533 2840 rum
559 2765 877 2852 Adnotationum,
904 2789 997 2858 qnae
1026 2766 1064 2835 in
1090 2769 1187 2881 hunp
1215 2764 1402 2841 audiorern

451 2875 645 2967 exstarent,
656 2874 819 2947 adhibito
841 2874 945 2945 simul
961 2874 986 2945 fi
1004 2874 1107 2966 quod
1117 2875 1322 2969 suppeteret
1337 2901 1401 2951 co·

449 2985 576 3057 dicum
594 2976 917 3079 manuscriptorum
934 2983 1106 3072 subfidio,
1129 2988 1289 3079 primum
1313 3014 1401 3063 con·

449 3092 616 3169 ficeretur
633 3093 738 3188 ipsius
762 3096 899 3193 exempli
918 3094 977 3166 seu
1000 3094 1144 3171 sextus.
1164 3097 1228 3191 qui
1247 3095 1400 3187 dicitur,

446 3224 543 3273 nova
576 3200 757 3291 recensio,
790 3198 924 3275 adiecta
950 3200 1076 3273 itidem
1108 3226 1202 3277 nova
1231 3206 1399 3303 Verfione.

449 3306 643 3389 emendato
654 3309 844 3379 contextui
861 3307 1043 3402 adaptata5
1067 3326 1145 3381 tum
1166 3313 1401 3387 srAdnotan'o-

447 3444 506 3491 nes
529 3416 696 3506 canuae,
717 3419 787 3489 srve
804 3412 915 3491 critici
933 3422 1158 3515 argumenti,
1177 3423 1246 3495 five
1265 3424 1402 3497 histori-

446 3532 498 3617 ci,
516 3548 579 3602 aut
595 3531 856 3620 cuiuscumque
878 3530 1034 3625 generis,
1057 3530 1256 3603 fimulcum
1276 3529 1401 3627 Caseu-

447 3642 520 3709 toni
534 3638 861 3733 Animadverſsonibus
874 3638 912 3707 in
928 3662 1042 3708 unum
1061 3642 1278 3711 continuum
1289 3642 1401 3715 Com-

344 3788 347 3791 *
447 3748 663 3819 mentarium
678 3746 960 3832 coniicerentur,
980 3747 1026 3817 ad
1047 3772 1179 3821 novam
1190 3750 1401 3825 Editionem

450 3855 778 3929 adcommodatum.
807 3854 904 3929 Illud
921 3855 1040 3927 Exteri
1062 3858 1268 3945 consilium,
1291 3860 1399 3954 ipsrur

449 3981 597 4066 rogatu,
614 3968 877 4043 communicavi
897 3991 983 4043 cum
1003 3993 1066 4061 eo,
1084 3992 1196 4063 quern
1218 3970 1311 4062 dixi,
1329 3970 1400 4045 do-
