3167 5125
347 549 351 556 ·
448 509 550 642 cm
600 559 645 636 Ιο
690 539 1200 660 rrr‘rrnrtn

326 723 331 730 ’
450 743 583 794 naeum
612 713 890 794 Observationes
919 723 1053 796 Extero
1082 723 1262 818 pollicitus
1291 739 1409 820 erat,

447 833 641 926 postquam
657 831 849 916 intellexit,
872 827 962 912 mihi
984 831 1157 902 Editionie
1178 836 1409 928 provinciam

449 941 517 1014 effe
531 941 703 1025 delatam,
728 939 874 1031 iamque
892 938 1035 1009 initium
1052 962 1114 1010 me
1132 938 1245 1012 fecille
1262 966 1308 1014 ex
1324 969 1409 1014 ome·

447 1053 488 1136 ni
510 1051 686 1122 librorum
709 1047 838 1140 copia,
868 1047 933 1140 qui
963 1048 1052 1118 mihi
1080 1047 1254 1137 adeffent,
1289 1075 1409 1144 quae-

448 1181 608 1250 cumque
637 1156 676 1226 in
701 1154 876 1226 Athenaei
902 1155 986 1230 usus
1015 1155 1169 1229 lacerent
1199 1159 1403 1248 moeret,

408 1319 412 1324 -
444 1265 651 1366 significavit
672 1264 798 1352 nobie,
827 1264 901 1336 suar
915 1265 1189 1340 Observationes
1210 1267 1304 1339 nihil
1325 1269 1405 1364 fere

408 1447 412 1454 ,
444 1376 545 1450 aliud
567 1373 631 1444 nih
642 1372 755 1444 Notae
772 1395 825 1442 en
837 1370 969 1472 eisdem
985 1371 1107 1478 libris,
1124 1373 1315 1468 dequibus
1330 1401 1400 1475 ego

429 1487 493 1566 ,ad
516 1509 601 1556 eum
616 1481 839 1575 icripscram,
863 1483 1045 1557 continere
1056 1529 1070 1571 ,
1082 1507 1203 1578 neque
1215 1484 1307 1557 adeo
1322 1513 1403 1558 ma·

440 1618 517 1694 gno
534 1591 624 1662 mihi
647 1589 857 1662 adiumento
879 1589 973 1662 fore:
995 1590 1154 1684 denique
1172 1591 1212 1663 se
1226 1618 1288 1664 eas
1312 1593 1400 1666 mis-

439 1707 566 1777 lurum
587 1699 654 1770 eise
669 1700 838 1795 negavit,
856 1698 916 1786 ic,
934 1691 1160 1793 *quamquain
1179 1702 1253 1772 aliis
1269 1693 1399 1782 multis

439 1812 560 1886 modis
578 1808 625 1880 ad
652 1809 751 1893 hunc
775 1831 889 1899 usque
911 1807 1015 1879 diem
1043 1809 1246 1881 institutum
1267 1837 1397 1892 meum

438 1907 618 1996 benevole
637 1917 763 1988 iuvare
781 1939 861 1986 non
883 1915 1029 2005 destitit,
1047 1936 1173 1990 tamen
1192 1921 1237 1992 ab
1260 1922 1320 1992 illa
1340 1947 1396 1995 re·

440 2029 539 2123 pulla
562 2048 637 2096 non
658 2023 769 2122 pallus
791 2025 840 2094 eil
859 2024 897 2096 ie
919 2024 1103 2098 dimoveri.
1134 2025 1392 2121 nrurcrms,
1487 2089 1488 2120 ,

437 2142 688 2234 fquoscu‘mque
711 2130 864 2226 quidem
884 2131 1042 2203 librosin
1054 2133 1321 2231 hisregioni-bus
1335 2164 1392 2208 ra·

439 2245 546 2317 riores
558 2243 611 2314 ab
632 2267 676 2312 eo
693 2259 874 2335 peterem,
899 2239 1069 2334 equibus
1088 2267 1181 2340 quae
1204 2244 1251 2314 ad
1275 2245 1391 2319 Athe-

436 2371 572 2424 naeum
590 2346 835 2420 conducerent
857 2367 1100 2440 excerperem,
1124 2355 1191 2442 p'ro
1212 2348 1275 2420 lua
1296 2351 1329 2422 8c
1351 2354 1390 2422 iu

435 2483 498 2530 me
522 2455 776 2527 benevolentia.
797 2457 829 2528 lic
851 2437 961 2528 bon'as
984 2457 1097 2528 literas
1122 2461 1390 2551 quovismodo

435 2566 583 2637 iuvandi
603 2565 738 2660 studio,
759 2568 851 2637 nihil
872 2568 960 2663 mihi
982 2591 1129 2665 negare,
1154 2568 1390 2646 liberaliffime

384 2660 401 2749 ⁵.
434 2677 559 2749 omnia
577 2676 844 2766 subministiare.
882 2677 956 2767 At,
978 2679 1144 2752 absoluto
1172 2681 1245 2753 fere
1270 2707 1391 2756 excer-

382 2848 385 2851 ,
435 2785 643 2879 pendorum
666 2786 842 2869 librorum
861 2787 1000 2875 labore,
1023 2788 1254 2883 absolutaque
1271 2793 1390 2886 prima

433 2892 579 2965 rudiore
602 2893 712 2965 totius
739 2894 854 2987 operis
876 2892 1388 2997 pertradiatione,'postquam

396 3058 399 3065 .
432 3000 606 3073 eumdem
630 3000 760 3073 Virum
784 3001 877 3088 adii,
903 3002 950 3073 de
976 3003 1061 3075 locis
1084 3006 1267 3077 nonnullis
1292 3008 1388 3079 diffi-
1486 3074 1487 3083 ,

431 3112 611 3184 cilioribus
630 3102 676 3182 ex
696 3112 816 3206 primo
835 3108 1009 3181 Athenaei
1033 3112 1126 3183 libro
1136 3116 1386 3208 consulturus,
1486 3176 1487 3217 3

396 3270 400 3275 -
428 3222 586 3317 primum
604 3223 665 3293 ille
683 3222 732 3293 de
750 3222 809 3293 die
828 3222 866 3293 in
888 3222 983 3293 diem
1004 3246 1062 3291 me
1077 3221 1239 3315 differre,
1258 3227 1304 3296 ad
1319 3252 1390 3315 ex«,
1486 3230 1487 3287 l

429 3349 585 3407 tremum
600 3332 749 3431 graviter
769 3326 927 3402 adfedius
950 3329 1070 3403 animo
1084 3320 1152 3402 tale¹
1172 3333 1385 3426 responsum

325 3450 327 3460 ’
427 3443 529 3515 dare:
549 3442 834 3540 „Pergerem'ab
853 3440 929 3533 ipso
946 3457 1067 3534 petere
1084 3466 1176 3534 quos
1188 3445 1319 3515 vellem
1336 3446 1384 3517 li-

426 3552 564 3640 „bros3
593 3552 782 3623 lubentem
803 3550 838 3619 le
862 3573 1013 3636 eorum,
1042 3551 1266 3643 quicumque
1284 3554 1381 3625 cladi

327 3696 331 3703 ·
372 3653 375 3657 ’
426 3675 542 3743 „ante
565 3661 631 3730 hos
653 3654 734 3731 odio
748 3680 858 3727 annos
874 3672 1037 3750 acceptae
1061 3652 1293 3753 supereffent,
1315 3687 1381 3735 co-

423 3764 555 3857 „piam
578 3768 669 3836 mihi
693 3762 892 3837 fadiurum:
916 3765 977 3837 sed
998 3765 1022 3835 fi
1042 3764 1076 3837 se
1096 3792 1234 3856 amem,
1268 3772 1376 3843 nullo

236 3854 242 3865 ⁵
285 3966 288 3969 ἦ
422 3898 567 3966 „porro
584 3875 699 3965 verbo
719 3878 777 3947 vel
804 3876 851 3949 de
872 3874 1056 3947 Athenaeo
1081 3880 1139 3948 vel
1162 3878 1208 3948 de
1232 3878 1376 3959 Graecis

419 3982 608 4072 „omnino
625 3985 731 4058 literis
739 3987 936 4081 proferam
959 3987 1194 4082 quibuntuis
1211 3988 1301 4060 olim
1311 3990 1378 4064 de·
