3167 5125
415 578 469 635 n
669 514 1125 633 raarrnrro

386 742 389 747 ’
417 720 514 792 thius
533 720 605 807 est,
627 715 687 787 sed
704 717 774 789 sola
802 716 881 815 Epi
892 725 995 787 tome
1012 741 1059 788 ex
1077 676 1238 811 pleniore
1260 740 1372 812 opere

416 824 603 907 commista.
627 826 787 913 Scilicet,
815 826 918 918 quod
937 826 1012 897 aliis
1037 825 1254 899 Graecorum
1276 827 1376 924 Scri·¹

415 962 564 1041 ptorum
584 934 775 1027 operibus,
801 958 893 1026 quae
917 935 966 1006 ob
987 935 1242 1009 suannmolem
1261 936 1294 1008 8c
1312 962 1373 1009 ca·

315 1103 319 1115 .
414 1058 505 1130 riora
525 1052 557 1125 Sc
577 1048 702 1120 rariora
721 1064 845 1134 erant,
868 1046 1024 1133 accidit,
1047 1064 1120 1134 ut,·
1138 1072 1214 1139 quo
1236 1046 1372 1118 facilius

414 1192 436 1239 a
455 1162 618 1261 pluribus
641 1158 823 1229 literarum
849 1157 1005 1229 lludiosn
1027 1157 1222 1250 comparari
1246 1152 1372 1227 tralla-

380 1257 384 1265 „
414 1278 520 1369 rique
539 1269 700 1365 possent,
721 1271 832 1341 recisis
855 1294 950 1363 quae
969 1266 1087 1338 minus
1102 1283 1165 1336 aut
1187 1264 1287 1335 utilia
1306 1283 1371 1337 aut

414 1381 596 1458 netellaria
615 1380 854 1467 videbantur,
868 1382 906 1450 in
919 1378 1100 1476 angustius
1109 1377 1260 1471 spatium
1276 1377 1370 1448 redi-

414 1492 646 1595 gerentur;‘·)
667 1490 767 1563 idem
789 1492 828 1562 in
841 1489 1014 1562 Athenaei
1038 1489 1145 1559 nostri
1167 1489 1369 1583 Deipnolo·

412 1604 557 1701 phistis,
580 1604 757 1673 incertum
778 1618 873 1694 quot
892 1616 975 1681 ante
992 1597 1213 1670 Eullatltium
1231 1599 1367 1688 seculis,

411 1708 535 1809 quove
562 1738 582 1782 a
605 1713 756 1804 viro,'⁷¹)
777 1726 959 1783 tentatum
982 1703 1259 1801 perfet‘iumque
1284 1725 1367 1781 erat.

347 1848 351 1855 ·
413 1824 490 1894 Nec
519 1842 604 1891 vero
635 1822 800 1913 ineptum
828 1835 889 1888 aut
909 1815 1099 1887 indollum
1129 1815 1229 1888 suillo
1248 1819 1370 1889 homi·

411 1954 524 2017 nem,
546 1928 609 2021 qui
630 1928 726 1997 illam
750 1926 924 1998 Athenaei
946 1928 1113 2011 Ἐπιτομὴν
1134 1929 1203 2000 live
1226 1949 1272 2000 ex
1291 1931 1368 2022 ples

410 2039 512 2111 niore
530 2061 637 2132 opere
653 2032 855 2125 llapacssolalc
872 2035 1046 2123 confecit,
1057 2040 1094 2131 ⁸)
1108 2038 1278 2131 adparet:
1300 2058 1367 2108 nec

411 2144 485 2217 tacit
508 2145 640 2243 exiguo
666 2143 828 2231 iudicio,
863 2158 927 2232 aut
949 2161 1023 2213 tam
1047 2146 1205 2217 violenta
1229 2168 1366 2231 manu,

411 2278 521 2349 quarn
541 2254 579 2324 in
600 2254 672 2326 aliis
695 2253 878 2323 nonnullis
899 2269 1063 2324 veterum
1082 2257 1214 2349 scriptis
1236 2257 1294 2326 alii
1316 2256 1366 2327 fe·

408 2380 560 2448 cerunt,
585 2376 808 2430 truncaverat
837 2358 897 2429 ille
921 2359 1026 2431 suum
1045 2356 1249 2448 truciorem,
1280 2363 1365 2452 sed,

409 2471 486 2541 satis
506 2469 684 2565 probabili
714 2470 875 2541 instituto
898 2465 1051 2561 selectu,
1075 2466 1204 2566 'quarta
1229 2472 1367 2545 circiter
1391 2498 1401 2519 ·

406 2668 505 2731 tillimi,
523 2667 567 2738 qui
577 2667 632 2737 post
641 2667 797 2722 Eustachium
807 2668 869 2721 scri·
906 2670 949 2722 bru
964 2670 987 2721 t>
1004 2668 1091 2732 Vuis,
1102 2670 1129 2724 ἃ
1144 2673 1368 2745 licporro)t1ui‹l·

359 2741 375 2784 ’-
410 2749 476 2817 pfitt
503 2765 549 2799 nec
564 2764 596 2800 ex
611 2747 667 2816 ipso
681 2748 812 2800 Athenaeo
820 2748 867 2799 du·
907 2749 967 2818 quid
982 2767 1013 2803 ex
1026 2755 1367 2824 eogenereaquoquescri-

407 2827 446 2878 ila
458 2825 516 2876 sunt
526 2841 589 2892 quae
599 2826 634 2876 lbi
649 2824 798 2876 adseruntur
809 2841 867 2876 vet-
906 2840 980 2896 ptore
993 2832 1114 2884 traditrrm
1131 2833 1211 2899 ell'et,
1230 2837 1365 2906 colligere..

407 2907 455 2968 be,
472 2921 501 2957 ac
515 2922 547 2958 ne
562 2923 595 2958 ex
614 2907 732 2972 Epitonte
748 2905 866 2972 quiden,
906 2920 964 2960 tur:
983 2927 1034 2977 quo
1051 2909 1141 2974 fiebat,
1155 2927 1185 2964 ut
1193 2914 1316 2982 discerpta
1327 2918 1367 2967 la·-

406 2983 450 3038 sed
474 3002 507 3038 ex
529 2984 657 3036 Eullatlrii.
672 2985 815 3037 comment.
834 2984 866 3036 ad
906 3001 1040 3056 ceteraque
1061 2989 1183 3058 cuiusque
1206 2994 1295 3061 operis
1316 2995 1367 3046 θή-

332 3119 335 3128 Ᾰ
406 3065 496 3135 odyss.
509 3061 547 3131 γ’.
566 3079 665 3134 p.t32,
685 3079 727 3132 32.
905 3070 1367 3140 gmentaperquinquagintevoluml·

358 3195 360 3200 .
402 3142 545 3216 'llNon
561 3148 609 3198 iam
627 3147 718 3215 loquor
728 3145 759 3198 de
774 3164 807 3200 eo
823 3164 865 3218 ge·
905 3161 938 3195 na
953 3145 1164 3216 dispergerentur.
1180 3150 1255 3200 Aliud
1272 3148 1307 3201 est
1320 3168 1366 3218 ge·

353 3267 355 3272 ,
406 3239 466 3277 nere
476 3223 657 3291 Εκιενμοηιηι,
670 3239 751 3292 quae,
768 3223 864 3293 lignum
904 3243 952 3278 nus
964 3226 1131 3295 Excerpmm
1146 3231 1190 3280 vel
1206 3228 1366 3294 eclogarum,

209 3307 215 3320 ’
310 3309 320 3322 ’
406 3306 514 3356 tollente
533 3304 596 3371 lmp.
620 3302 788 3355 Constantino
800 3305 865 3356 Por·
903 3307 934 3357 de
950 3325 1001 3374 quo
1018 3307 1059 3357 tte
1073 3307 1175 3373 agium
1196 3316 1251 3372 quo
1266 3308 1365 3360 vetetis

405 3384 593 3452 phyrogeneta,
612 3381 699 3434 seculo
712 3381 768 3447 poll
785 3383 816 3436 C.
828 3385 863 3433 N.
903 3382 1009 3433 alicuius
1023 3379 1158 3444 Scriptoris
1168 3396 1233 3446 opus
1250 3398 1266 3430 ι
1281 3384 1365 3451 capite

407 3455 705 3522 de'cimo,exllilloricis
718 3458 864 3510 Graecised
903 3459 933 3508 ad
954 3458 1046 3508 calcem
1068 3456 1190 3506 continuo
1216 3469 1307 3511 tenore
1325 3463 1363 3516 ita

403 3538 504 3588 ratione
520 3535 635 3589 confecia
646 3533 719 3594 sunt,
735 3547 765 3586 ut
781 3534 863 3584 omnis
902 3535 1118 3601 perpetrabatur,
1136 3548 1181 3599 ut‘,
1198 3539 1317 3607 quidquid
1335 3542 1362 3594 in

403 3610 560 3685 antiquitatis
576 3616 683 3680 notitia,
712 3631 760 3681 pto
789 3613 862 3663 vario
902 3627 935 3663 eo
951 3626 1011 3677 prae
1025 3611 1132 3663 caeteris
1147 3615 1191 3665 vel
1205 3613 1361 3670 fructuosum

403 3696 543 3766 argumenti
559 3711 666 3762 genere,
689 3695 715 3745 in
735 3692 864 3762 quinqua·
901 3691 945 3742 vel
962 3690 1098 3741 iucundum
1110 3704 1155 3743 tut
1166 3695 1363 3749 omninoobser-

338 3827 344 3834 ,
403 3774 522 3842 ginta&
543 3785 605 3840 quot
624 3774 736 3826 excurrit
758 3771 861 3824 Titulos
901 3766 1005 3819 vatione
1017 3767 1119 3836 dignuin
1130 3769 1212 3822 visum
1230 3771 1362 3835 effet,sc·
1461 3767 1465 3774 ⁴

403 3851 600 3919 discerperem
615 3852 658 3902 sub
674 3868 781 3919 quorum
794 3850 860 3901 titu-
897 3847 1036 3917 1igeretur,·
1053 3848 1196 3919 fingulaque
1209 3853 1298 3906 eodem
1316 3871 1360 3905 or·

402 3932 483 3982 lorum
498 3945 651 3996 unoquoque
670 3929 788 3995 (veluti,
807 3945 859 3980 uno
898 3929 971 3986 cline,
987 3946 1038 3995 quo
1054 3931 1115 3983 usus
1131 3931 1357 3999 ipseaustorerat,

402 4006 625 4079 delegationibus,
642 4008 693 4060 alio
712 4011 740 4060 de
761 4005 861 4060 Virtuti·
898 4005 1358 4082 descriptacolligerenturt'quaepro
1381 4033 1385 4041 ⁴
