3167 5125
433 534 567 603 xwm
695 502 1153 585 PRAEFATIO

430 668 887 783 pmffophssorum'Nominue
916 665 1024 752 dein,
1052 666 1158 737 Index
1183 662 1387 739 Graecarum

434 793 639 864 Didionum.
657 776 890 878 quoe-sporfim
909 776 949 844 in*
961 774 1020 845 hoe
1037 799 1127 873 opere
1150 792 1211 845 out
1228 776 1386 869 leguntur

434 919 583 972 tantum.
601 910 659 963 aut
679 890 776 958 etiam
795 884 1020 981 explicantur.-
1040 882 1219 975 denique,
1248 885 1389 957 Proven

435 1010 508 1084 bia,
521 1005 632 1102 quibus
643 998 784 1096 sparsim
795 998 829 1064 in
840 993 1270 1093 lib'risDeipnosoplustarum
1279 992 1389 1065 Athea

433 1138 533 1192 naeus
558 1116 671 1183 utitur.
699 1109 840 1177 Omnes
866 1102 920 1175 itti
939 1102 1099 1206 Indices,
1117 1128 1138 1173 a
1155 1103 1388 1197 Dalecampio
1487 1172 1492 1181 ,

434 1225 521 1295 olim
539 1220 641 1289 simul
662 1238 746 1285 cum
769 1211 900 1282 Latina
917 1209 1089 1279 Athenaei
1107 1209 1266 1281 versione
1282 1210 1388 1299 editi,

433 1327 573 1403 nonnisi
594 1326 639 1395 ad
652 1321 791 1419 paginas
807 1318 912 1389 huius
927 1318 1093 1388 editionis
1110 1319 1386 1391 adcommodati
1411 1356 1414 1361 ·

372 1490 374 1497 ·
432 1443 538 1528 sunt,
563 1451 741 1508 caeterum
762 1429 852 1498 nihil
874 1428 921 1497 in.
938 1428 985 1500 eis
1002 1446 1193 1499 mutatum.
1223 1429 1391 1499 Adnota-

433 1550 556 1621 donea
587 1566 672 1615 vero
708 1535 954 1627 Dalecampii,
985 1559 1079 1627 quae
1113 1534 1153 1604 in
1178 1536 1292 1628 prima
1319 1536 1392 1608 Ca.

434 1657 582 1733 sauboni
602 1653 758 1731 editione
777 1649 815 1715 in
836 1670 900 1715 ora
920 1644 1084 1715 interiore
1110 1662 1210 1715 erant
1231 1646 1389 1739 politae,
1451 1712 1460 1727 ,

435 1796 533 1845 nunc
550 1770 596 1841 ad
618 1768 728 1835 finem
746 1758 861 1853 operis
881 1752 1027 1827 reiediae
1046 1758 1139 1826 sunt.
1167 1758 1210 1826 In
1231 1762 1391 1830 exteriore

434 1904 520 1953 veto
547 1879 753 1976 paginarum*
772 1892 837 1938 ora·
861 1866 908 1937 ad
928 1867 1017 1935 latus
1045 1865 1170 1935 Graeci
1200 1882 1392 1938 contextue

435 1989 599 2084 primum
630 1978 732 2077 positi
760 1975 844 2047 sunt
871 1975 1013 2045 numeri
1047 1973 1223 2073 Cupitum,
1257 1977 1392 2069 quibua

437 2119 623 2194 quemque
646 2094 769 2165 locum
788 2083 947 2158 tradant
965 2085 1003 2154 in
1017 2085 1084 2154 suis
1105 2084 1390 2159 Animadversio-

438 2211 544 2283 nibus
562 2202 843 2294 Casaubonua‘)
864 2198 976 2290 Tum
986 2220 1096 2283 veto,
1115 2197 1154 2266 in
1175 2196 1306 2267 eisdem
1325 2223 1391 2293 po·

433 2321 587 2413 ginorum
605 2317 687 2401 oris,
706 2309 755 2381 ad
775 2332 817 2379 ea
836 2309 940 2393 loca,
962 2302 1010 2374 ad
1032 2330 1124 2399 quae
1147 2302 1244 2375 idem
1265 2306 1391 2375 Casan-

438 2426 609 2521 bonusin
626 2422 693 2499 suis
707 2416 897 2488 Animadv.
926 2410 1215 2488 emendationem
1232 2414 1390 2505 aliquam

437 2538 508 2608 five
528 2561 556 2604 e
575 2530 705 2624 scriptis
724 2524 820 2604 libris
838 2524 907 2594 five
927 2546 948 2594 e
971 2518 1171 2595 coniediura
1193 2520 1392 2613 proposue-

347 2669 350 2677 ‘
427 2651 513 2732 tat,
532 2669 592 2715 eae
612 2641 704 2735 ipsae
724 2637 971 2723 Emendationes
994 2657 1068 2704 uno
1093 2646 1156 2700 aut
1179 2630 1289 2699 altero
1309 2655 1392 2702 ver-

438 2756 491 2826 bo
512 2753 737 2825 indicantur:
753 2770 846 2840 quae
868 2768 920 2815 tes
941 2741 1078 2831 utique·
1091 2729 1390 2812 commoditatem

439 2864 539 2938 haud
563 2863 725 2959 exiguam
748 2856 863 2930 adfert
884 2847 1029 2934 redimi,
1049 2845 1110 2916 sed
1131 2847 1260 2915 multo
1276 2845 1392 2917 maio·

439 2998 522 3045 rem.
547 2988 618 3043 erat
643 2967 820 3054 adlatura,
846 2965 872 3036 st
897 2957 1037 3032 diversis
1058 2952 1259 3052 praepofitis
1285 2952 1389 3050 signis

348 3145 350 3150 .
440 3077 621 3152 distindiae
631 3077 772 3150 fuiffent
783 3069 1050 3146 emendationes
1073 3090 1089 3137 e
1108 3064 1335 3169 manuscriptis
1347 3062 1391 3133 li·

440 3193 505 3263 bris
529 3184 684 3276 dudae,
699 3189 745 3260 ab
771 3185 941 3277 hisquae
962 3174 1041 3272 sold
1067 3172 1264 3246 Casauboni
1287 3173 1393 3261 conie-

440 3285 535 3370 aura
560 3299 765 3370 nitebantur
779 3322 802 3374 ς.
815 3315 940 3376 nunc,
972 3310 1058 3358 cum
1090 3278 1288 3375 promiscue
1318 3279 1392 3352 fere
1497 3286 1498 3289 ’

473 3431 583 3501 c)Vide
591 3432 667 3498 paulo
676 3426 800 3497 superius,
810 3435 864 3477 not.
873 3442 896 3492 g.
935 3418 1032 3468 multos
1054 3412 1128 3464 etiam
1158 3407 1263 3477 eosque·
1278 3411 1392 3465 eruditos

474 3510 491 3556 d
500 3509 511 3574 )
529 3507 619 3558 Eadem
634 3521 693 3568 res,
712 3501 780 3571 quod
796 3517 848 3552 non
863 3499 913 3550 di··
935 3495 1008 3548 viros
1022 3494 1093 3560 saepe
1116 3489 1237 3557 decepit,
1260 3502 1306 3554 ut,
1330 3507 1389 3543 eum

440 3583 604 3636 uinearum
616 3580 844 3647 Manuscriptonun
853 3577 899 3630 Le·
935 3569 1166 3635 Animadverfio'nes
1179 3570 1318 3622 casauboni
1336 3588 1390 3623 non

439 3659 538 3711 (tiones
551 3677 567 3710 a
585 3661 657 3712 nudis
677 3656 851 3720 comesturis,
870 3655 897 3709 δι
935 3650 1015 3704 effect
1027 3651 1079 3702 illie
1090 3651 1120 3701 ad
1136 3666 1239 3713 manus,
1254 3650 1336 3701 autad
1346 3665 1392 3702 ex·
1446 3681 1453 3694 ·

440 3737 538 3789 eunetis
552 3737 606 3789 fere
623 3751 683 3792 nota
698 3758 741 3805 γρ.
756 3738 767 3803 (
781 3750 854 3804 quam
865 3733 897 3784 fi·
935 3730 1052 3785 cutienda
1063 3732 1169 3799 quaevis
1189 3733 1245 3784 loca
1255 3747 1311 3783 uon
1329 3730 1390 3800 sup-

438 3831 475 3868 ve
483 3815 604 3883 γράφεται
615 3816 775 3884 interpretari
783 3819 893 3883 poterae,
934 3823 1032 3881 peteret
1053 3813 1153 3875 otium,
1178 3829 1258 3863 nime
1279 3809 1390 3865 Editorie

441 3894 461 3948 i.
474 3911 498 3948 e.
506 3895 634 3962 scribitur,
652 3895 704 3948 five
717 3895 815 3964 γράφει,
835 3896 854 3949 i.
866 3912 891 3950 e.
932 3895 1103 3958 conieduras,
1119 3911 1212 3962 easque
1227 3893 1331 3945 subinde
1345 3895 1391 3947 vel
1497 3930 1499 3937 .

371 3961 374 3972 ¹
434 3970 528 4040 sude)
542 3969 683 4041 promseue
696 3972 892 4043 praepofitaest‚
931 3971 1032 4031 nume
1056 3972 1202 4031 necessarias
1232 3975 1277 4030 vel
1299 3984 1388 4042 parum
1497 3958 1499 3979 '
